@article{ivanova2008analysis,
  title={Analysis of the distributions of color characteristics in art painting
images},
  author={Ivanova, Krassimira and Stanchev, Peter L and Dimitrov, Boyan},
  journal={Serdica Journal of Computing},
  volume={2},
  number={2},
  pages={111--136},
  year={2008}
}
